<?xml version="1.0" encoding="UTF-8"?><collection xmlns="http://www.loc.gov/MARC21/slim"><record><leader>00406nam--2200133-i-4500</leader><controlfield tag="001">000033779</controlfield><controlfield tag="002">20161230</controlfield><controlfield tag="005">20161230201039</controlfield><controlfield tag="008">060222s1000------------r-----000-0-eng-d</controlfield><datafield ind1=" " ind2=" " tag="100"><subfield code="a">Martin, Charles Noel</subfield></datafield><datafield ind1=" " ind2=" " tag="245"><subfield code="a">Tables numeriques de physique nucleaire. prefacce de m. louis de broglie</subfield></datafield><datafield ind1=" " ind2=" " tag="260"><subfield code="a">Paris, Gauthier-villars, 1954. Viii+258p</subfield></datafield><datafield ind1=" " ind2=" " tag="490"><subfield code="a">Numerical Tables Of Nuclear Physics</subfield></datafield><datafield ind1=" " ind2=" " tag="852"><subfield code="a">10204</subfield></datafield></record></collection>